@online{what-is-osint,
	title = {What is Open-Source Intelligence?},
	author = {Ritu Gill},
	year = {2023},
	month = {2},
	day = {23},
	howpublished = {\url{https://www.sans.org/blog/what-is-open-source-intelligence/}},
	note = {Accessed on 03.07.2024},
}
@online{what-is-lotl,
	title = {WHAT ARE LIVING OFF THE LAND (LOTL) ATTACKS?},
	author = {Bart Lenaerts-Bergmans },
	year = {2023},
	month = {2},
	day = {22},
	howpublished = {\url{https://www.crowdstrike.com/cybersecurity-101/living-off-the-land-attacks-lotl/}},
	note = {Accessed on 03.07.2024},
}
@online{what-is-data-breach,
	title = {What is a data breach?},
	author = {Matthew Kosinski},
	year = {2024},
	month = {5},
	day = {24},
	howpublished = {\url{https://www.ibm.com/topics/data-breach}},
	note = {Accessed on 06.07.2024},
}